@ARTICLE{DeepHashing,
author={ Venice Erin Liong and Jie Zhou and Jiwen Lu},
journal={IEEE TRANSACTIONS ON IMAGE PROCESSING},
title={Deep Hashing for Scalable Image Search},
year={2017},
month={May.},
volume={26}}

@ARTICLE{LSH,
author={ A. Andoni and P. Indyk},
journal={Proc. FOCS},
title={Near-optimal hashing algorithms for approximate nearest neighbor in high dimensions},
year={2006},
pages={459-468}
}

@ARTICLE{unbiased,
author={ J. Ji and J. Li and S. Yan and B. Zhang and Q. Tian},
journal={in Proc.  NIPS},
title={Super-bit locality-sensitive hashing},
year={2012},
pages={108-116}
}

@ARTICLE{81,
author={ Y. Weiss and A. Torralba and R. Fergus},
journal={in Proc.  NIPS},
title={Spectral hashing},
year={2008}
}

@ARTICLE{align,
author={ Y. Weiss and A. Torralba and R. Fergus},
journal={in CVPR 2017},
title={Convolutional neural network architecture for geometric matching},
year={2017},
month={Apr.},
}

@ARTICLE{34,
author={ Q. V. Le and W. Y. Zou and S. Y. Yeung and A. Y. Ng},
journal={ in Proc. CVPR},
title={Learning hierarchical invariant spatio-temporal features for action recognition with independent subspace analysis},
year={2011},
month={Jun.},
pages={3361-3368},
}

@ARTICLE{28,
author={  S. Ji and W. Xu and M. Yang and and K. Yu},
journal={  IEEE Trans. Pattern Anal. Mach. Intell.},
title={3D convolutional neural networks for human action recognition},
year={2013},
month={Jan.},
volume={35},
pages={221-231},
}


@ARTICLE{17,
author={ G. E. Hinton and R. R. Salakhutdinov},
journal={   Science},
title={Reducing the dimensionality of data with neural networks},
year={2006},
volume={313},
pages={504-507},
}

@ARTICLE{56,
author={ R. Salakhutdinov and G. Hinton},
journal={Int. J. Approx. Reasoning},
title={Semantic hashing},
year={2009},
month={Jul.},
volume={50},
pages={969-978},
}

@ARTICLE{48b,
author={ K. Simonyan and A. Zisserman},
journal={ In Proc. ICLR},
title={Very deep convolutional networks for large-scale image recognition},
year={2015},
}

@ARTICLE{34b,
author={ Y. Lamdan and J. T. Schwartz and H. J. Wolfson},
journal={ In Proc. CVPR},
title={Object recognition by affine invariant matching},
year={1998},
}

@ARTICLE{44AA,
author={  M. Rubinstein and A. Joulin and J. Kopf and C. Liu.},
journal={ In Proc. CVPR},
title={Unsupervised joint object discovery and segmentation in internet images},
year={2013},
}
@ARTICLE{33AA,
author={  A. Krizhevsky and I. Sutskever and G. E. Hinton},
journal={ In NIPS},
title={ImageNet classification with deep convolutional neural networks},
year={2012},
}

@BOOK{20AA,
author={ D. A. Forsyth and J. Ponce.},
title={ Computer vision: a modern approach. Prentice Hall Professional Technical Reference},
year={2002},
}